@book{marx167,
	author = "Karl Marx",
	title = "Das Kapital",
	year = "1867",
}

@book{thorstein11,
	author = "Thorstein Veblen",
	title = "The Theory of the Leisure Class",
	year = "1911",
}

@book{schumpeter11,
	author = "Joseph Schumpeter",
	title = "The Theory ofEconomic Development",
	year = "1911",
}

@book{kondratiev25,
	author = "Nikolai Kondratiev",
	title = "The Major Economic Cycles",
	year = "1925",
}

@book{myrdal30,
	author = "Gunnar Myrdal",
	title = "The Political Element in the Development of Economic Theory",
	year = "1930",
}

@book{keynes36,
	author = "Jhon Maynard Keynes",
	title = "The General Theory",
	year = "1936",
}

@book{polanyi94,
	author = "Karl Polanyi",
	title = "The Great Transformation",
	year = "1994",
}

@book{neumann44,
	author = "{v}on Neumann, John and Morgenstern, Oskar",
	year = "1944",
	title = "Theory of Games and Economic Behavior",
	publisher = "Princeton University Press",
}

@phdthesis{nash50,
	author = "Nash, John Forbes",
	title = "Non-Cooperative Games",
	school = "Princeton",
	year = "1950",
}

@book{krugman96,
    title = "The Self-Organizing Economy",
    author = "Paul Krugman",
    year = "1996",
    publisher = "Blackwell"
}

@book{salatin07,
    author = "Joel Salatin",
    title = "Everything I Want to Do Is Illegal: War Stories from the Local Food Front",
    year = "2007",
    publisher = "Polyface"
    }

@book{sweezy56,
	author = "Paul Sweezy",
	title = "Theory of Capitalist Development",
	year = "1956",
}


@book{robinson56,
	author = "Joan Robinson",
	title = "Acumulation of Capital",
	year = "1956",
}

@book{kenneth58,
	author = "John Kennet Galbraith",
	title = "The Affluent Society",
	year = "1958",
}


@book{straffa60,
	author = "PieroStraffa",
	title = "Production of Commodities by Means of Commodities",
	year = "1960",
}

@book{georgescu71,
	author = "Nicholas Georgescu-Roegen",
	title = "The Entropy Law and the Economic Process",
	year = "1960",
}

@book{akerman61,
	author = "Johan Akerman",
	title = "Theory of Industrialism",
	year = "1961",
}

@book{kalecki71,
	author = "Michal Kalecki",
	title = "Selected Essays on the Dynamics of the Capitalit Economy",
	year = "1971",
}

@book{minsky75,
	author = "Hyman Minsky",
	title = "Jhon Maynard Keynes",
	year = "1975",
}

@book{mirowski89,
	author = "Philip Mirowski",
	title = "More Heat than Light",
	year = "1989",
}

@book{davidson72,
	author = "Paul Davidson",
	title = "Money and the Real World",
	year = "1972",
}

@book{lawson97,
	author = "Tony Lawson",
	title = "Economics and Reality",
	year = "1997",
}

@book{keen01,
	author = "Steve Keen",
	title = "Debunking Economics",
	year = "2001",
}


@book{shaikh16,
	author = "Anwar Shaikh",
	title = "Capitalism: competition, conflictm crises",
	year = "2016",
}


